@Book{amari1985differential,
	author = {Amari, S.},
	title = {Differential-geometrical Methods in Statistics},
	publisher = {Springer-Verlag},
	year = {1985},
	series = {Lecture notes in Statistics}
}

@article{Nielsen_2020,
	title={An Elementary Introduction to Information Geometry},
	volume={22},
	number={10},
	journal={Entropy},
	author={Nielsen, Frank},
	year={2020},
	month={Sep},
	pages={1100}
}

@book{amari2000nethods,
	author = {Amari, S. and Nagaoka, H.},
	title = {Methods of Information Geometry},
	year = {2000},
	series = {Translations of mathematical monographs},
	publisher = {American Mathematical Society}
}


@book{calin2014geometric,
  title={Geometric Modeling in Probability and Statistics},
  author={Calin, O. and Udri{\c{s}}te, C.},
  isbn={9783319077796},
  series={Mathematics and Statistics},
  url={https://books.google.ca/books?id=D1wlBAAAQBAJ},
  year={2014},
  publisher={Springer International Publishing}
}

@book{tu2010introduction,
  title={An Introduction to Manifolds},
  author={Tu, L.W.},
  isbn={9781441974006},
  lccn={2010936466},
  series={Universitext},
  url={https://books.google.ca/books?id=xQsTJJGsgs4C},
  year={2010},
  publisher={Springer New York}
}

@book{pressley2010elementary,
  title={Elementary Differential Geometry},
  author={Pressley, A.N.},
  isbn={9781848828919},
  lccn={2009942256},
  series={Springer Undergraduate Mathematics Series},
  url={https://books.google.ca/books?id=9nT1fOwATf0C},
  year={2010},
  publisher={Springer London}
}

@book{lipschutz1965schaum,
  title={Schaum's Outline of General Topology},
  author={Lipschutz, S.},
  isbn={9780070379886},
  lccn={68003231},
  series={Schaum's Outline Series in Mathematics},
  url={https://books.google.ca/books?id=0u37iDv-dlEC},
  year={1965},
  publisher={McGraw-Hill Companies,Incorporated}
}

@book{lafontaine2015introduction,
  title={An Introduction to Differential Manifolds},
  author={Lafontaine, J.},
  isbn={9783319207353},
  url={https://books.google.ca/books?id=KNhJCgAAQBAJ},
  year={2015},
  publisher={Springer International Publishing}
}
@book{brannan1999geometry,
  title={Geometry},
  author={Brannan, D.A. and Brannan, D.A. and Esplen, M.F. and Gray, J.J.},
  isbn={9780521597876},
  lccn={97018015},
  url={https://books.google.ca/books?id=q49lhAzXTFEC},
  year={1999},
  publisher={Cambridge University Press}
}

@article{COSTA201559,
title = {Fisher information distance: A geometrical reading},
journal = {Discrete Applied Mathematics},
volume = {197},
pages = {59-69},
year = {2015},
note = {Distance Geometry and Applications},
issn = {0166-218X},
doi = {https://doi.org/10.1016/j.dam.2014.10.004},
url = {https://www.sciencedirect.com/science/article/pii/S0166218X14004211},
author = {Sueli I.R. Costa and Sandra A. Santos and João E. Strapasson}
}

@online{BuserGeomRiem2010,
author = {P. Buser},
title = {Notes "inofficielles" du cours de Géométrie Riemannienne},
howpublished = {\url{https://moodlearchive.epfl.ch/2018-2019/mod/resource/view.php?id=881163}},
organization = {École Polytechnique Fédérale de Lausanne},
year = {Automne 2010},
note = {École Polytechnique Fédérale de Lausanne, consulté le 17 septembre 2021},
}
